<?xml version="1.0" encoding="UTF-8"?><collection xmlns="http://www.loc.gov/MARC21/slim"><record><leader>00528nam--2200181-i-4500</leader><controlfield tag="001">000017742</controlfield><controlfield tag="002">20161230</controlfield><controlfield tag="005">20170118234442</controlfield><controlfield tag="008">060222s1000------------r-----000-0-eng-d</controlfield><datafield ind1=" " ind2=" " tag="080"><subfield code="a">681.3.06:519.2</subfield></datafield><datafield ind1=" " ind2=" " tag="100"><subfield code="a">Mendel, Jerry M</subfield></datafield><datafield ind1=" " ind2=" " tag="245"><subfield code="a">Adaptive, learning and pattern recognition systems, theory and applications</subfield></datafield><datafield ind1=" " ind2=" " tag="260"><subfield code="a">New York</subfield><subfield code="b">Academic Press</subfield><subfield code="c">1970</subfield></datafield><datafield ind1=" " ind2=" " tag="300"><subfield code="a">XIV + 444 p</subfield></datafield><datafield ind1=" " ind2=" " tag="490"><subfield code="a">Mathematics In Science And Engineering</subfield><subfield code="v">vol. 66</subfield></datafield><datafield ind1=" " ind2=" " tag="700"><subfield code="a">Fu, K. S</subfield></datafield><datafield ind1=" " ind2=" " tag="852"><subfield code="a">17315</subfield></datafield><datafield ind1=" " ind2=" " tag="CAT"><subfield code="a">SYS</subfield><subfield code="c">20170118</subfield><subfield code="h">234442</subfield></datafield></record></collection>